<collection xmlns="http://www.loc.gov/MARC21/slim">
<record>
  <leader>02362nam0a2200433 i 450 </leader>
  <controlfield tag="001">IT\ICCU\CNCE\075148</controlfield>
  <controlfield tag="005">20160309000000.0</controlfield>
  <datafield tag="012" ind1=" " ind2=" ">
    <subfield code="a">o-a- eoo- amn- maui (3) 1555 (R)</subfield>
    <subfield code="2">fei</subfield>
  </datafield>
  <datafield tag="100" ind1=" " ind2=" ">
    <subfield code="a">20100326d1555        0itac0103    ba</subfield>
  </datafield>
  <datafield tag="101" ind1=" " ind2=" ">
    <subfield code="a">LAT</subfield>
  </datafield>
  <datafield tag="102" ind1=" " ind2=" ">
    <subfield code="a">IT</subfield>
  </datafield>
  <datafield tag="200" ind1="1" ind2=" ">
    <subfield code="a">℗Ammonii Hermeae ℗In V Porphyrii voces commentarii, per Ioannem Baptistam Rasarium Latinitate donati</subfield>
  </datafield>
  <datafield tag="210" ind1=" " ind2=" ">
    <subfield code="a">Venetiis</subfield>
    <subfield code="c">\Pietro Boselli!</subfield>
    <subfield code="d">1555</subfield>
    <subfield code="e">Venetiis: Ioan. Gryphius excudebat</subfield>
    <subfield code="h">1555</subfield>
  </datafield>
  <datafield tag="215" ind1=" " ind2=" ">
    <subfield code="a">186, \6! p.</subfield>
    <subfield code="d">16ʻ</subfield>
  </datafield>
  <datafield tag="620" ind1=" " ind2=" ">
    <subfield code="a">IT</subfield>
    <subfield code="d">Venezia</subfield>
  </datafield>
  <datafield tag="700" ind1=" " ind2="0">
    <subfield code="a">Ammonius</subfield>
    <subfield code="c"> : Hermiae</subfield>
    <subfield code="3">IT\ICCU\CNCA\000676</subfield>
  </datafield>
  <datafield tag="702" ind1=" " ind2="1">
    <subfield code="a">Rasario,</subfield>
    <subfield code="b">Giovanni Battista</subfield>
    <subfield code="3">IT\ICCU\CNCA\000120</subfield>
  </datafield>
  <datafield tag="702" ind1=" " ind2="0">
    <subfield code="a">Porphyrius</subfield>
    <subfield code="3">IT\ICCU\CNCA\000166</subfield>
  </datafield>
  <datafield tag="712" ind1="0" ind2="0">
    <subfield code="a">Griffio, Giovanni</subfield>
    <subfield code="c"> &lt;1.&gt;</subfield>
    <subfield code="3">IT\ICCU\CNCT\002057</subfield>
    <subfield code="4">650</subfield>
  </datafield>
  <datafield tag="712" ind1="0" ind2="0">
    <subfield code="a">Boselli, Pietro</subfield>
    <subfield code="3">IT\ICCU\CNCT\001107</subfield>
    <subfield code="4">650</subfield>
  </datafield>
  <datafield tag="790" ind1=" " ind2="0">
    <subfield code="a">Ammonio</subfield>
    <subfield code="c"> : di#Alessandria</subfield>
    <subfield code="3">IT\ICCU\CNCA\026308</subfield>
    <subfield code="z">Ammonius : Hermiae</subfield>
  </datafield>
  <datafield tag="790" ind1=" " ind2="1">
    <subfield code="a">Rasarius,</subfield>
    <subfield code="b">Joannes Baptista</subfield>
    <subfield code="3">IT\ICCU\CNCA\023363</subfield>
    <subfield code="z">Rasario, Giovanni Battista</subfield>
  </datafield>
  <datafield tag="790" ind1=" " ind2="1">
    <subfield code="a">Rasari,</subfield>
    <subfield code="b">Giovambattista</subfield>
    <subfield code="3">IT\ICCU\CNCA\023364</subfield>
    <subfield code="z">Rasario, Giovanni Battista</subfield>
  </datafield>
  <datafield tag="790" ind1=" " ind2="1">
    <subfield code="a">Rasario,</subfield>
    <subfield code="b">Giambattista</subfield>
    <subfield code="3">IT\ICCU\CNCA\023365</subfield>
    <subfield code="z">Rasario, Giovanni Battista</subfield>
  </datafield>
  <datafield tag="790" ind1=" " ind2="0">
    <subfield code="a">Udenis Medicus Utopiensis</subfield>
    <subfield code="3">IT\ICCU\CNCA\029650</subfield>
    <subfield code="z">Rasario, Giovanni Battista</subfield>
  </datafield>
  <datafield tag="790" ind1=" " ind2="0">
    <subfield code="a">Porfirio</subfield>
    <subfield code="c"> : di#Tiro</subfield>
    <subfield code="3">IT\ICCU\CNCA\014929</subfield>
    <subfield code="z">Porphyrius</subfield>
  </datafield>
  <datafield tag="790" ind1=" " ind2="0">
    <subfield code="a">Porphyrius</subfield>
    <subfield code="c"> : Tyrius</subfield>
    <subfield code="3">IT\ICCU\CNCA\018848</subfield>
    <subfield code="z">Porphyrius</subfield>
  </datafield>
  <datafield tag="790" ind1=" " ind2="0">
    <subfield code="a">Porphyrios</subfield>
    <subfield code="3">IT\ICCU\CNCA\022676</subfield>
    <subfield code="z">Porphyrius</subfield>
  </datafield>
  <datafield tag="791" ind1="0" ind2="0">
    <subfield code="a">Gryphius, Ioannes</subfield>
    <subfield code="c"> &lt;1.&gt;</subfield>
    <subfield code="3">IT\ICCU\CNCT\003549</subfield>
    <subfield code="z">Griffio, Giovanni &lt;1.&gt;</subfield>
  </datafield>
  <datafield tag="791" ind1="0" ind2="0">
    <subfield code="a">Grifio, Giovanni</subfield>
    <subfield code="3">IT\ICCU\CNCT\005052</subfield>
    <subfield code="z">Griffio, Giovanni &lt;1.&gt;</subfield>
  </datafield>
  <datafield tag="791" ind1="0" ind2="0">
    <subfield code="a">Grifi, Giovanni</subfield>
    <subfield code="c"> &lt;1&gt;</subfield>
    <subfield code="3">IT\ICCU\CNCT\005187</subfield>
    <subfield code="z">Griffio, Giovanni &lt;1.&gt;</subfield>
  </datafield>
  <datafield tag="791" ind1="0" ind2="0">
    <subfield code="a">Bosellus, Petrus</subfield>
    <subfield code="3">IT\ICCU\CNCT\004768</subfield>
    <subfield code="z">Boselli, Pietro</subfield>
  </datafield>
  <datafield tag="791" ind1="0" ind2="0">
    <subfield code="a">Bosello, Pietro</subfield>
    <subfield code="3">IT\ICCU\CNCT\006335</subfield>
    <subfield code="z">Boselli, Pietro</subfield>
  </datafield>
  <datafield tag="801" ind1=" " ind2="3">
    <subfield code="a">IT</subfield>
    <subfield code="b">ICCU</subfield>
    <subfield code="c">20201115</subfield>
  </datafield>
  <datafield tag="899" ind1=" " ind2=" ">
    <subfield code="a">Biblioteca Marucelliana. Firenze</subfield>
    <subfield code="1">FI0101</subfield>
    <subfield code="2">CFI MF</subfield>
  </datafield>
  <datafield tag="899" ind1=" " ind2=" ">
    <subfield code="a">Biblioteca dell&apos;Accademia nazionale dei Lincei e Corsiniana. Roma</subfield>
    <subfield code="1">RM0418</subfield>
    <subfield code="2">RML 10</subfield>
  </datafield>
  <datafield tag="899" ind1=" " ind2=" ">
    <subfield code="a">Biblioteca archivio S. Francesco alla Rocca. Viterbo</subfield>
    <subfield code="1">VT0072</subfield>
    <subfield code="2">RMS M8</subfield>
  </datafield>
  <datafield tag="911" ind1=" " ind2=" ">
    <subfield code="a">Sul front.</subfield>
    <subfield code="9">IT\ICCU\CNCM\000794</subfield>
  </datafield>
  <datafield tag="921" ind1=" " ind2=" ">
    <subfield code="a">IT\ICCU\CNCM\000794</subfield>
    <subfield code="b">Guerriero con elmo piumato e spada cavalca un bue.</subfield>
    <subfield code="e">A furore rusticorum libera nos domine</subfield>
    <subfield code="c">Z720</subfield>
    <subfield code="d">Dimensioni: 5 x 4,5</subfield>
    <subfield code="f">GUERRIERO</subfield>
    <subfield code="f">BUE</subfield>
    <subfield code="g">[non prima del 1547]-1580</subfield>
  </datafield>
</record>
</collection>
